<?xml version="1.0" encoding="UTF-8"?><collection xmlns="http://www.loc.gov/MARC21/slim"><record><leader>00392nam--2200133-i-4500</leader><controlfield tag="001">000030698</controlfield><controlfield tag="002">20161230</controlfield><controlfield tag="005">20161230201038</controlfield><controlfield tag="008">060222s1000------------r-----000-0-eng-d</controlfield><datafield ind1=" " ind2=" " tag="080"><subfield code="a">621.039.83(043)</subfield></datafield><datafield ind1=" " ind2=" " tag="100"><subfield code="a">Mateescu, Gheorghe Gh</subfield></datafield><datafield ind1=" " ind2=" " tag="245"><subfield code="a">Explorarea tridimensionala a organelor radiocaptante. teza</subfield></datafield><datafield ind1=" " ind2=" " tag="260"><subfield code="a">Bucuresti, Inst.De Fizica Si Inginerie Nucleara, 1989, 168p</subfield></datafield><datafield ind1=" " ind2=" " tag="852"><subfield code="a">46686</subfield></datafield></record></collection>